@inproceedings{Yang:1997:CSF:645526.657137,
    title = {{A Comparative Study on Feature Selection in Text Categorization}},
    year = {1997},
    booktitle = {Proceedings of the Fourteenth International Conference on Machine Learning},
    author = {Yang, Yiming and Pedersen, Jan O},
    pages = {412--420},
    series = {ICML '97},
    publisher = {Morgan Kaufmann Publishers Inc.},
    url = {http://dl.acm.org/citation.cfm?id=645526.657137},
    address = {San Francisco, CA, USA},
    isbn = {1-55860-486-3}
}

@article{Hoare:1961:AF:366622.366647,
    title = {{Algorithm 65: Find}},
    year = {1961},
    journal = {Commun. ACM},
    author = {Hoare, C A R},
    number = {7},
    month = {7},
    pages = {321--322},
    volume = {4},
    publisher = {ACM},
    url = {http://doi.acm.org/10.1145/366622.366647},
    address = {New York, NY, USA},
    doi = {10.1145/366622.366647},
    issn = {0001-0782}
}

@book{Winter2018,
    title = {{Computer and Network Security Essentials}},
    year = {2018},
    author = {Winter, Butler},
    editor = {Daimi, Kevin},
    publisher = {Springer International Publishing},
    url = {http://ix.cs.uoregon.edu/~butler/teaching/11W/cis533/slides/cis533-authentication.pdf http://link.springer.com/10.1007/978-3-319-58424-9},
    address = {Cham},
    isbn = {978-3-319-58423-2},
    doi = {10.1007/978-3-319-58424-9}
}

@article{VapLer63,
    title = {{Pattern Recognition using Generalized Portrait Method}},
    year = {1963},
    journal = {Automation and Remote Control},
    author = {Vapnik, V and Lerner, A},
    volume = {24},
    keywords = {kernels}
}

@article{Schapire1989,
    title = {{The Strength of Weak Learnability}},
    year = {1989},
    journal = {Machine learning},
    author = {Schapire, Robert E},
    number = {2},
    pages = {28--33},
    volume = {227},
    url = {http://link.springer.com/article/10.1007/BF00116037},
    doi = {10.1002/nbm.1810},
    issn = {08856125},
    keywords = {learnability theory, learning from examples, machine learning, pac learning, polynomial-time}
}

@article{Freund1997ABoosting,
    title = {{A Decision-Theoretic Generalization of On-Line Learning and an Application to Boosting}},
    year = {1997},
    journal = {Journal of Computer and System Sciences},
    author = {Freund, Yoav and Schapire, Robert E.},
    number = {1},
    month = {8},
    pages = {119--139},
    volume = {55},
    url = {http://sp.lyellcollection.org/lookup/doi/10.1144/GSL.SP.2005.240.01.16 http://linkinghub.elsevier.com/retrieve/pii/S002200009791504X},
    isbn = {3540591192},
    doi = {10.1006/jcss.1997.1504},
    issn = {00220000},
    pmid = {10394},
    arxivId = {http://statistics.berkeley.edu/sites/default/files/tech-reports/367.pdf}
}

@article{Akashdeep2017AClassifier,
    title = {{A feature reduced intrusion detection system using ANN classifier}},
    year = {2017},
    journal = {Expert Systems with Applications},
    author = {{Akashdeep} and Manzoor, Ishfaq and Kumar, Neeraj},
    pages = {249--257},
    volume = {88},
    publisher = {Elsevier Ltd},
    url = {http://dx.doi.org/10.1016/j.eswa.2017.07.005},
    doi = {10.1016/j.eswa.2017.07.005},
    issn = {09574174},
    keywords = {ANN, Feature Ranking, Feature Reduction, Intrusion Detection System (IDS)}
}

@inproceedings{Rout2015ADetection,
    title = {{A hybrid approach for network intrusion detection}},
    year = {2015},
    booktitle = {Proceedings - 2015 5th International Conference on Communication Systems and Network Technologies, CSNT 2015},
    author = {Rout, Ganesh Prasad and Mohanty, Sachi Nandan},
    pages = {614--617},
    isbn = {9781479917976},
    doi = {10.1109/CSNT.2015.76},
    issn = {18777058},
    keywords = {Classification rules, Fuzzy logic, Genetic algorithm}
}

@article{Nielsen2012AComputation,
    title = {{A New Approach to Practical Active-Secure Two-Party Computation}},
    year = {2012},
    author = {Nielsen, Jesper Buus and Nordholt, Peter Sebastian and Orlandi, Claudio and Burra, Sai Sheshank},
    pages = {681--700},
    doi = {10.1007/978-3-642-32009-5{\_}40}
}

@article{Khan2007AClustering,
    title = {{A new intrusion detection system using support vector machines and hierarchical clustering}},
    year = {2007},
    journal = {VLDB Journal},
    author = {Khan, Latifur and Awad, Mamoun and Thuraisingham, Bhavani},
    number = {4},
    pages = {507--521},
    volume = {16},
    isbn = {1066-8888},
    doi = {10.1007/s00778-006-0002-5},
    issn = {10668888}
}

@article{Eesa2015ASystems,
    title = {{A novel feature-selection approach based on the cuttlefish optimization algorithm for intrusion detection systems}},
    year = {2015},
    journal = {Expert Systems with Applications},
    author = {Eesa, Adel Sabry and Orman, Zeynep and Brifcani, Adnan Mohsin Abdulazeez},
    number = {5},
    pages = {2670--2679},
    volume = {42},
    publisher = {Elsevier Ltd},
    url = {http://dx.doi.org/10.1016/j.eswa.2014.11.009},
    isbn = {1084-8045},
    doi = {10.1016/j.eswa.2014.11.009},
    issn = {09574174},
    pmid = {26199752},
    arxivId = {1204.1336},
    keywords = {Cuttlefish algorithm, Decision trees, Feature selection, ID3 algorithm, Intrusion detection systems}
}

@article{Kuang2014ADetection,
    title = {{A novel hybrid KPCA and SVM with GA model for intrusion detection}},
    year = {2014},
    journal = {Applied Soft Computing Journal},
    author = {Kuang, Fangjun and Xu, Weihong and Zhang, Siyang},
    pages = {178--184},
    volume = {18},
    publisher = {Elsevier B.V.},
    url = {http://dx.doi.org/10.1016/j.asoc.2014.01.028},
    isbn = {1568-4946},
    doi = {10.1016/j.asoc.2014.01.028},
    issn = {15684946},
    keywords = {Genetic algorithm, Intrusion detection, Kernel function, Kernel principal component analysis, Support vector machines}
}

@article{Li2009ANetworks,
    title = {{A novel intrusion detection scheme using support vector machine fuzzy network for mobile ad hoc networks}},
    year = {2009},
    journal = {Proceedings of the 2009 2nd Pacific-Asia Conference on Web Mining and Web-Based Application, WMWA 2009},
    author = {Li, Huike and Gu, Daquan},
    pages = {47--50},
    publisher = {IEEE},
    isbn = {9780769536460},
    doi = {10.1109/WMWA.2009.75}
}

@article{Aburomman2016ASystem,
    title = {{A novel SVM-kNN-PSO ensemble method for intrusion detection system}},
    year = {2016},
    journal = {Applied Soft Computing},
    author = {Aburomman, Abdulla Amin and Ibne Reaz, Mamun Bin},
    month = {1},
    pages = {360--372},
    volume = {38},
    publisher = {Elsevier B.V.},
    url = {http://www.jstor.org/stable/10.2307/25041914 https://linkinghub.elsevier.com/retrieve/pii/S1568494615006328},
    doi = {10.1016/j.asoc.2015.10.011},
    issn = {15684946}
}

@book{Blom2014AThesis,
    title = {{A performance evaluation of secure comparison protocols in the two-party semi-honest model [MSc Thesis]}},
    year = {2014},
    author = {Blom, Frank},
    url = {https://beta.vu.nl/nl/studenten/project-en-stage/stagebureau-wiskunde-informatica/master-project-mathematics-sfm/stageverslagen-online/index.aspx},
    institution = {Vrije Universiteit Amsterdam}
}

@article{Even1985AContracts,
    title = {{A randomized protocol for signing contracts}},
    year = {1985},
    journal = {Communications of the ACM},
    author = {Even, Shimon and Goldreich, Oded and Lempel, Abraham},
    number = {6},
    pages = {637--647},
    volume = {28},
    url = {http://portal.acm.org/citation.cfm?doid=3812.3818},
    isbn = {0001-0782},
    doi = {10.1145/3812.3818},
    issn = {00010782},
    pmid = {11237644}
}

@article{Dhanabal2015AAlgorithms,
    title = {{A Study On NSL-KDD Dataset For Intrusion Detection System Based On Classification Algorithms}},
    year = {2015},
    journal = {International Journal of Advanced Research in Computer and Communication Engineering},
    author = {Dhanabal, L. and Shantharajah, Dr. S. P.},
    number = {6},
    pages = {446--452},
    volume = {4},
    url = {http://www.techrepublic.com/resource-library/whitepapers/a-study-on-nsl-kdd-dataset-for-intrusion-detection-system-based-on-classification-algorithms/%5Cnhttps://pdfs.semanticscholar.org/1b34/80021c4ab0f632efa99e01a9b073903c5554.pdf},
    doi = {10.17148/IJARCCE.2015.4696},
    issn = {2319-5940},
    keywords = {Anomaly, Intrusion Detection System, NSL-KDD dataset, Protocol.}
}

@article{Dali2015ASystem,
    title = {{A survey of intrusion detection system}},
    year = {2015},
    journal = {2015 2nd World Symposium on Web Applications and Networking, WSWAN 2015},
    author = {Dali, Loubna and Bentajer, Ahmed and Abdelmajid, Elmoutaoukkil and Abouelmehdi, Karim and Elsayed, Hoda and Fatiha, Eladnani and Beni-Hssane, Abderrahim},
    isbn = {9781479981717},
    doi = {10.1109/WSWAN.2015.7210351},
    issn = {01674048},
    keywords = {Cloud Computing, Intrusion Detection System, Multi Agents, Web Security}
}

@article{Aburomman2017AClassifiers,
    title = {{A survey of intrusion detection systems based on ensemble and hybrid classifiers}},
    year = {2017},
    journal = {Computers and Security},
    author = {Aburomman, Abdulla Amin and Reaz, Mamun Bin Ibne},
    pages = {135--152},
    volume = {65},
    publisher = {Elsevier Ltd},
    url = {http://dx.doi.org/10.1016/j.cose.2016.11.004},
    isbn = {0167-4048},
    doi = {10.1016/j.cose.2016.11.004},
    issn = {01674048},
    keywords = {Ensemble classifiers, Hybrid classifiers, Intrusion detection, KDD 99, Multiclass classifiers, NSL-KDD}
}

@article{Amudhavel2016AReview,
    title = {{A survey on Intrusion Detection System: State of the art review}},
    year = {2016},
    journal = {Indian Journal of Science and Technology},
    author = {Amudhavel, J. and Brindha, V. and Anantharaj, B. and Karthikeyan, P. and Bhuvaneswari, B. and Vasanthi, M. and Nivetha, D. and Vinodha, D.},
    number = {11},
    pages = {1--9},
    volume = {9},
    doi = {10.17485/ijst/2016/v9i11/89264},
    issn = {09745645},
    keywords = {Ad-Hoc network, Conversation exchange dynamics, Intrusion Detection System, Intrusion prevention system, Network security}
}

@article{Tsai2010ADetection,
    title = {{A triangle area based nearest neighbors approach to intrusion detection}},
    year = {2010},
    journal = {Pattern Recognition},
    author = {Tsai, Chih Fong and Lin, Chia Ying},
    number = {1},
    pages = {222--229},
    volume = {43},
    publisher = {Elsevier},
    url = {http://dx.doi.org/10.1016/j.patcog.2009.05.017},
    doi = {10.1016/j.patcog.2009.05.017},
    issn = {00313203},
    keywords = {Intrusion detection, Machine learning, Support vector machines, Triangle area, k-means, k-nearest neighbors}
}

@book{Hutchison2012Advances2012,
    title = {{Advances in Cryptology – CRYPTO 2012}},
    year = {2012},
    author = {Hutchison, David and Mitchell, John C},
    editor = {Safavi-Naini, Reihaneh and Canetti, Ran},
    series = {Lecture Notes in Computer Science},
    volume = {7417},
    publisher = {Springer Berlin Heidelberg},
    url = {http://link.springer.com/10.1007/978-3-662-53008-5 http://link.springer.com/10.1007/978-3-662-53018-4 http://link.springer.com/10.1007/978-3-642-32009-5},
    address = {Berlin, Heidelberg},
    isbn = {978-3-642-32008-8},
    doi = {10.1007/978-3-642-32009-5},
    issn = {03029743},
    pmid = {4520227},
    arxivId = {9780201398298}
}

@article{Shankar2008AlternativeTransfer,
    title = {{Alternative protocols for generalized oblivious transfer}},
    year = {2008},
    journal = {Proceedings of the 9th international conference on Distributed computing and networking},
    author = {Shankar, Bhavani and Kannan, Srinathan and Rangan, C Pandu},
    pages = {304–309},
    isbn = {3-540-77443-2, 978-3-540-77443-3},
    issn = {03029743},
    keywords = {Generalized OT; OT; secret sharing}
}

@article{Ristioja2010AnLanguage,
    title = {{An analysis framework for an imperative privacy-preserving programming language}},
    year = {2010},
    author = {Ristioja, Jaak},
    number = {June}
}

@article{Rubio2017AnalysisEcosystems,
    title = {{Analysis of Intrusion Detection Systems in Industrial Ecosystems}},
    year = {2017},
    journal = {Proceedings of the 14th International Joint Conference on e-Business and Telecommunications},
    author = {Rubio, Juan Enrique and Alcaraz, Cristina and Roman, Rodrigo and Lopez, Javier},
    number = {Secrypt},
    pages = {116--128},
    url = {http://www.scitepress.org/DigitalLibrary/Link.aspx?doi=10.5220/0006426301160128},
    isbn = {978-989-758-259-2},
    doi = {10.5220/0006426301160128},
    issn = {1542-6270 (Electronic)},
    pmid = {21045170},
    keywords = {industrial control, industry, intrusion detection, scada}
}

@article{Zhang2005ApplicationConsiderations,
    title = {{Application of online-training SVMs for real-time intrusion detection with different considerations}},
    year = {2005},
    journal = {Computer Communications},
    author = {Zhang, Zonghua and Shen, Hong},
    number = {12},
    pages = {1428--1442},
    volume = {28},
    isbn = {0140-3664},
    doi = {10.1016/j.comcom.2005.01.014},
    issn = {01403664},
    keywords = {Anomaly detection, Computer security, Intrusion detection, Support vector machines, Text categorization}
}

@article{Chen2005ApplicationDetection,
    title = {{Application of SVM and ANN for intrusion detection}},
    year = {2005},
    journal = {Computers and Operations Research},
    author = {Chen, Wun Hwa and Hsu, Sheng Hsun and Shen, Hwang Pin},
    number = {10},
    pages = {2617--2634},
    volume = {32},
    isbn = {8862236549},
    doi = {10.1016/j.cor.2004.03.019},
    issn = {03050548},
    keywords = {Artificial neural networks, Intrusion detection, Support vector machine}
}

@article{Breiman1996BaggingPredictors,
    title = {{Bagging predictors}},
    year = {1996},
    journal = {Machine Learning},
    author = {Breiman, Leo},
    number = {2},
    pages = {123--140},
    volume = {24},
    url = {http://link.springer.com/10.1007/BF00058655},
    isbn = {0885-6125},
    doi = {10.1007/BF00058655},
    issn = {0885-6125},
    pmid = {17634459}
}

@article{Foote2005BiomechanicalFusion,
    title = {{Biomechanical Comparison of Fixation Methods for First Metatarsophalangeal Joint Fusion}},
    year = {2005},
    author = {Foote, Kristopher M and Scott, Aaron T and Tanaka, Martin L},
    pages = {2005},
    doi = {citeulike-article-id:619639},
    issn = {0005-1179}
}

@article{Holtz2012BuildingFramework,
    title = {{Building Scalable Distributed Intrusion Detection Systems Based on the MapReduce Framework}},
    year = {2012},
    author = {Holtz, Marcelo D and David, Bernardo M and Tim, Rafael},
    pages = {22--31},
    volume = {13}
}

@article{Lin2015CANN:Neighbors,
    title = {{CANN: An intrusion detection system based on combining cluster centers and nearest neighbors}},
    year = {2015},
    journal = {Knowledge-Based Systems},
    author = {Lin, Wei Chao and Ke, Shih Wen and Tsai, Chih Fong},
    number = {1},
    pages = {13--21},
    volume = {78},
    publisher = {Elsevier B.V.},
    url = {http://dx.doi.org/10.1016/j.knosys.2015.01.009},
    isbn = {0020-0255},
    doi = {10.1016/j.knosys.2015.01.009},
    issn = {09507051},
    pmid = {23500502},
    arxivId = {arXiv:1405.1155v1},
    keywords = {Anomaly detection, Cluster center, Feature representation, Intrusion detection, Nearest neighbor}
}

@article{Riazi2018Chameleon:Applications,
    title = {{Chameleon: A Hybrid Secure Computation Framework for Machine Learning Applications}},
    year = {2018},
    author = {Riazi, M. Sadegh and Weinert, Christian and Tkachenko, Oleksandr and Songhori, Ebrahim M. and Schneider, Thomas and Koushanfar, Farinaz},
    url = {http://arxiv.org/abs/1801.03239},
    isbn = {9781450355766},
    doi = {10.1371/journal.pbio.1002046},
    issn = {1545-7885},
    pmid = {25629809},
    arxivId = {1801.03239},
    keywords = {acm reference format, deep neural, garbled circuits, machine learning, networks, secret sharing, secure computation}
}

@article{Rodda2016ClassSystems,
    title = {{Class imbalance problem in the Network Intrusion Detection Systems}},
    year = {2016},
    journal = {International Conference on Electrical, Electronics, and Optimization Techniques, ICEEOT 2016},
    author = {Rodda, Sireesha and Erothi, Uma Shankar Rao},
    pages = {2685--2688},
    isbn = {9781467399395},
    doi = {10.1109/ICEEOT.2016.7755181},
    issn = {9781467399395},
    keywords = {Class Imbalance Problem, Machine Learning, NSL-KDD, Network Intrusion Detection System}
}

@book{Catalano2007ContemporaryCryptology,
    title = {{Contemporary Cryptology}},
    year = {2007},
    booktitle = {Control And Cybernetics},
    author = {Catalano, Dario and Cramer, Ronald and Damg{\aa}rd, Ivan and Di Crescenzo, Giovanni and Pointcheval, David and Takagi, Tsuyoshi},
    number = {3},
    pages = {243--250},
    volume = {36},
    isbn = {9780470544327},
    doi = {10.1109/9780470544327},
    keywords = {a positivity effect has, adults, attention, attention and memory, been suggested in older, carstensen, effect, for example, in recent years, memory, positive, see, socioemotional selectivity theory}
}

@article{Laur2006CryptographicallyMachines,
    title = {{Cryptographically private support vector machines}},
    year = {2006},
    journal = {Proceedings of the 12th ACM SIGKDD international conference on Knowledge discovery and data mining  - KDD '06},
    author = {Laur, Sven and Lipmaa, Helger and Mielik{\"{a}}inen, Taneli},
    pages = {618},
    url = {http://portal.acm.org/citation.cfm?doid=1150402.1150477},
    isbn = {1595933395},
    doi = {10.1007/BF01347552},
    issn = {16182642},
    keywords = {kernel methods, privacy preserving data mining}
}

@article{Dowlin2016CryptoNets:Research,
    title = {{CryptoNets: Applying neural networks to Encrypted data with high throughput and accuracy - Microsoft research}},
    year = {2016},
    journal = {International Conference on Machine Learning, A*},
    author = {Dowlin, Nathan and Gilad-Bachrach, Ran and Laine, Kim and Lauter, Kristin and Naehrig, Michael and Wernsing, John},
    pages = {1--12},
    volume = {48},
    isbn = {MSR-TR-2016-3},
    doi = {10.5061/dryad.4hp5n},
    issn = {1938-7228},
    arxivId = {1705.08963}
}

@article{Papamartzivanos2018Dendron:Systems,
    title = {{Dendron: Genetic trees driven rule induction for network intrusion detection systems}},
    year = {2018},
    journal = {Future Generation Computer Systems},
    author = {Papamartzivanos, Dimitrios and G{\'{o}}mez M{\'{a}}rmol, Félix and Kambourakis, Georgios},
    pages = {558--574},
    volume = {79},
    publisher = {Elsevier B.V.},
    url = {https://doi.org/10.1016/j.future.2017.09.056},
    isbn = {0-7803-9103-9},
    doi = {10.1016/j.future.2017.09.056},
    issn = {0167739X},
    keywords = {Decision Trees, Genetic Algorithms, Information systems security, Intrusion detection systems, Machine learning, Misuse detection}
}

@book{Tsai2007DetectingModels,
    title = {{Detecting Cyber Security Threats in Weblogs Using Probabilistic Models}},
    year = {2007},
    booktitle = {Lecture Notes in Computer Science 4430},
    author = {Tsai, Flora S and Chan, Kap Luk},
    pages = {46--57},
    isbn = {9783642046667},
    doi = {10.1007/978-3-540-71549-8{\_}4},
    issn = {03029743},
    pmid = {4520227},
    arxivId = {9780201398298},
    keywords = {analysis, blog, cyber crime, cyber security, cyber terrorism, data mining, probabilistic latent semantic, weblog}
}

@article{Snapp1991DIDSPrototype,
    title = {{DIDS (Distributed Intrusion Detection System) − Motivation, Architecture, and An Early Prototype}},
    year = {1991},
    journal = {Proceedings of the 14th National Computer Security Conference},
    author = {Snapp, Steven R. and Brentano, James and Dias, Gihan V. and Goan, Terrance L. and Heberlein, L. Todd and Ho, Che-Lin and Levitt, Karl N. and Mukherjee, Biswanath and Smaha, Stephen E. and Grance, Tim and Teal, Daniel M. and Mansur, Doug}
}

@incollection{Dwork2008DifferentialResults,
    title = {{Differential Privacy: A Survey of Results}},
    year = {2008},
    booktitle = {Lecture Notes in Computer Science},
    author = {Dwork, Cynthia},
    pages = {1--19},
    volume = {Theory and},
    publisher = {Springer Verlag},
    url = {https://www.microsoft.com/en-us/research/publication/differential-privacy-a-survey-of-results/}
}

@techreport{RoyceRobbins2004DistributedReview,
    title = {{Distributed Intrusion Detection Systems: An Introduction and Review}},
    year = {2004},
    booktitle = {Information Security},
    author = {{Royce Robbins}},
    pages = {18},
    url = {http://scholar.google.com/scholar?hl=en&btnG=Search&q=intitle:Intrusion+Detection+Is+Dead+.+Long+Live+Intrusion+Prevention!#0},
    isbn = {9781479917976},
    doi = {10.1109/CSNT.2015.76}
}

@article{Zhang2018DistributedVANETs,
    title = {{Distributed Privacy-Preserving Collaborative Intrusion Detection Systems for VANETs}},
    year = {2018},
    journal = {IEEE Transactions on Signal and Information Processing over Networks},
    author = {Zhang, Tao and Zhu, Quanyan},
    number = {1},
    pages = {148--161},
    volume = {4},
    doi = {10.1109/TSIPN.2018.2801622},
    issn = {2373776X},
    keywords = {ADMM, data processing, differential privacy, distributed computing, machine learning, network security, vehicle safety, vehicular ad hoc networks}
}

@article{Bogdanov2014Domain-PolymorphicOf,
    title = {{Domain-Polymorphic Programming of}},
    year = {2014},
    journal = {Proceedings of the Ninth Workshop on Programming Languages and Analysis for Security},
    author = {Bogdanov, Dan and Laud, Peeter and Randmets, Jaak},
    pages = {1--24},
    isbn = {9781450328623}
}

@article{Nadiammai2014EffectiveTechniques,
    title = {{Effective approach toward Intrusion Detection System using data mining techniques}},
    year = {2014},
    journal = {Egyptian Informatics Journal},
    author = {Nadiammai, G. V. and Hemalatha, M.},
    number = {1},
    pages = {37--50},
    volume = {15},
    publisher = {Ministry of Higher Education and Scientific Research},
    url = {http://dx.doi.org/10.1016/j.eij.2013.10.003},
    isbn = {1110-8665},
    doi = {10.1016/j.eij.2013.10.003},
    issn = {11108665},
    keywords = {Anomaly based algorithm, Classification algorithms, Data communication, Denial of service attack, Intrusion detection}
}

@article{Goss2018EfficientComputations,
    title = {{Efficient and Constant-Rounds Secure Comparison through Dynamic Groups and Asymmetric Computations}},
    year = {2018},
    author = {Goss, Ken and Jiang, Wei}
}

@article{Folino2016EnsembleSurvey,
    title = {{Ensemble based collaborative and distributed intrusion detection systems: A survey}},
    year = {2016},
    journal = {Journal of Network and Computer Applications},
    author = {Folino, Gianluigi and Sabatino, Pietro},
    pages = {1--16},
    volume = {66},
    publisher = {Elsevier},
    url = {http://dx.doi.org/10.1016/j.jnca.2016.03.011},
    isbn = {9780128017432},
    doi = {10.1016/j.jnca.2016.03.011},
    issn = {10958592}
}

@article{Chebrolu2005FeatureSystems,
    title = {{Feature deduction and ensemble design of intrusion detection systems}},
    year = {2005},
    journal = {Computers and Security},
    author = {Chebrolu, Srilatha and Abraham, Ajith and Thomas, Johnson P.},
    number = {4},
    pages = {295--307},
    volume = {24},
    isbn = {0167-4048},
    doi = {10.1016/j.cose.2004.09.008},
    issn = {01674048},
    pmid = {491997},
    keywords = {Bayesian network, Decision trees, Ensemble design, Feature reduction, Hybrid intelligent system, Intrusion detection, Markov blanket}
}

@article{Umer2017Flow-basedChallenges,
    title = {{Flow-based intrusion detection: Techniques and challenges}},
    year = {2017},
    journal = {Computers and Security},
    author = {Umer, Muhammad Fahad and Sher, Muhammad and Bi, Yaxin},
    pages = {238--254},
    volume = {70},
    publisher = {Elsevier Ltd},
    url = {https://doi.org/10.1016/j.cose.2017.05.009},
    isbn = {0167-4048},
    doi = {10.1016/j.cose.2017.05.009},
    issn = {01674048},
    pmid = {2536632},
    keywords = {Attack detection, Flow-based datasets, Flow-based intrusion detection, Machine learning, Network flows}
}

@article{Tassa2011GeneralizedSharing,
    title = {{Generalized oblivious transfer by secret sharing}},
    year = {2011},
    journal = {Designs, Codes, and Cryptography},
    author = {Tassa, Tamir},
    number = {1},
    pages = {11--21},
    volume = {58},
    doi = {10.1007/s10623-010-9378-8},
    issn = {09251022},
    keywords = {Access structures, Generalized oblivious transfer, Multiparty computation, Oblivious transfer, Secret sharing}
}

@article{Yegneswaran2004GlobalSystem,
    title = {{Global Intrusion Detection in the DOMINO Overlay System}},
    year = {2004},
    author = {Yegneswaran, Vinod and Barford, Paul and Jha, Somesh},
    pages = {1--7},
    url = {http://pages.cs.wisc.edu/~jha/jha-papers/security/NDSS_2004_vy.html}
}

@book{Yadav2019HarmonyAlgorithms,
    title = {{Harmony Search and Nature Inspired Optimization Algorithms}},
    year = {2019},
    author = {Yadav, Neha and Yadav, Anupam and Chand, Jagdish and Deep, Kusum and Hoon, Joong},
    volume = {741},
    url = {http://link.springer.com/10.1007/978-981-13-0761-4},
    isbn = {978-981-13-0760-7},
    doi = {10.1007/978-981-13-0761-4}
}

@article{Breiman1996HeuristicsSelection,
    title = {{Heuristics of instability and stabilization in model selection}},
    year = {1996},
    journal = {Annals of Statistics},
    author = {Breiman, Leo},
    number = {6},
    pages = {2350--2383},
    volume = {24},
    isbn = {00905364},
    doi = {10.1214/aos/1032181158},
    issn = {00905364},
    keywords = {Cross-validation, Prediction error, Predictive loss, Regression, Subset selection}
}

@article{Rabin1981HowTransfer.,
    title = {{How To Exchange Secrets with Oblivious Transfer.}},
    year = {1981},
    journal = {Technical Report TR-81, Aiken Computation Lab, Harvard University},
    author = {Rabin, Michael Oser},
    pages = {1--5},
    url = {http://dm.ing.unibs.it/giuzzi/corsi/Support/papers-cryptography/187.pdf},
    isbn = {1873-961X (Electronic)},
    doi = {10.1007/s12079-012-0174-2},
    issn = {0021-1753},
    pmid = {22865264}
}

@article{Yao1986HowSecrets,
    title = {{How to generate and exchange secrets}},
    year = {1986},
    journal = {27th Annual Symposium on Foundations of Computer Science (sfcs 1986)},
    author = {Yao, Andrew Chi-Chih},
    number = {1},
    pages = {162--167},
    publisher = {IEEE},
    url = {http://ieeexplore.ieee.org/document/4568207/},
    isbn = {0-8186-0740-8},
    doi = {10.1109/SFCS.1986.25},
    issn = {0272-5428},
    pmid = {25246403},
    arxivId = {arXiv:1011.1669v3}
}

@inproceedings{Goldreich1987HowGame,
    title = {{How to play ANY mental game}},
    year = {1987},
    booktitle = {Proceedings of the nineteenth annual ACM conference on Theory of computing - STOC '87},
    author = {Goldreich, O. and Micali, S. and Wigderson, A.},
    number = {2},
    pages = {218--229},
    volume = {106},
    publisher = {ACM Press},
    url = {http://portal.acm.org/citation.cfm?doid=28395.28420},
    address = {New York, New York, USA},
    isbn = {0-89791-221-7},
    doi = {10.1007/978-981-10-3449-7{\_}7}
}

@article{Shamir1979HowSecret,
    title = {{How To Share a Secret}},
    year = {1979},
    journal = {Communications of the ACM (CACM)},
    author = {Shamir, Adi and Shamir, Adi},
    number = {1},
    pages = {612--613},
    volume = {22},
    url = {http://doi.acm.org/10.1145/359168.359176},
    isbn = {9783642153273},
    doi = {10.1007/BF02816138},
    issn = {14352443},
    pmid = {19202312},
    keywords = {and phrases, cryptography, key manage-}
}

@book{Lee2012Information2012,
    title = {{Information Security and Cryptology – ICISC 2012}},
    year = {2012},
    author = {Lee, Mun-kyu and Eds, Daesung Kwon and Hutchison, David},
    number = {November},
    isbn = {0019-8501},
    doi = {10.1016/j.indmarman.2011.10.007},
    issn = {00198501}
}

@article{Tsai2009IntrusionReview,
    title = {{Intrusion detection by machine learning: A review}},
    year = {2009},
    journal = {Expert Systems with Applications},
    author = {Tsai, Chih Fong and Hsu, Yu Feng and Lin, Chia Ying and Lin, Wei Yang},
    number = {10},
    pages = {11994--12000},
    volume = {36},
    publisher = {Elsevier Ltd},
    url = {http://dx.doi.org/10.1016/j.eswa.2009.05.029},
    isbn = {0957-4174},
    doi = {10.1016/j.eswa.2009.05.029},
    issn = {09574174},
    pmid = {10672456},
    keywords = {Ensemble classifiers, Hybrid classifiers, Intrusion detection, Machine learning}
}

@article{Soheily-Khah2018IntrusionDataset,
    title = {{Intrusion detection in network systems through hybrid supervised and unsupervised machine learning process: A case study on the iscx dataset}},
    year = {2018},
    journal = {Proceedings - 2018 1st International Conference on Data Intelligence and Security, ICDIS 2018},
    author = {Soheily-Khah, Saeid and Marteau, Pierre Francois and Bechet, Nicolas},
    pages = {219--226},
    isbn = {9781538657621},
    doi = {10.1109/ICDIS.2018.00043},
    keywords = {Anomaly detection, Clustering, Data mining, Hybrid classification, ISCX dataset, K-means, Random forest}
}

@article{SumaiyaThaseen2017IntrusionSVM,
    title = {{Intrusion detection model using fusion of chi-square feature selection and multi class SVM}},
    year = {2017},
    journal = {Journal of King Saud University - Computer and Information Sciences},
    author = {Sumaiya Thaseen, Ikram and Aswani Kumar, Cherukuri},
    number = {4},
    pages = {462--472},
    volume = {29},
    publisher = {King Saud University},
    url = {https://doi.org/10.1016/j.jksuci.2015.12.004},
    isbn = {9781479966295},
    doi = {10.1016/j.jksuci.2015.12.004},
    issn = {22131248},
    pmid = {22346734},
    keywords = {Chi square feature selection, Cross validation, Intrusion detection, Radial basis kernel, Support vector machine, Variance}
}

@article{Liao2013IntrusionReview,
    title = {{Intrusion detection system : A comprehensive review}},
    year = {2013},
    journal = {Journal of Network and Computer Applications},
    author = {Liao, Hung-jen and Lin, Chun-hung Richard and Lin, Ying-chih and Tung, Kuang-yuan},
    number = {1},
    pages = {16--24},
    volume = {36},
    publisher = {Elsevier},
    url = {http://dx.doi.org/10.1016/j.jnca.2012.09.004},
    doi = {10.1016/j.jnca.2012.09.004},
    issn = {1084-8045},
    keywords = {Anomaly, Intrusion detection, Misuse}
}

@article{Gaikwad2015IntrusionClassifier,
    title = {{Intrusion detection system using Bagging with Partial Decision Tree base classifier}},
    year = {2015},
    journal = {Procedia Computer Science},
    author = {Gaikwad, D. P. and Thool, Ravindra C.},
    number = {1},
    pages = {92--98},
    volume = {49},
    isbn = {978-1-4799-6892-3},
    doi = {10.1016/j.procs.2015.04.231},
    issn = {18770509},
    keywords = {Ensemble, Genetic algorithm, Machine learning, Model building time, Partial decision tree}
}

@article{Elkhadir2016IntrusionMethods,
    title = {{Intrusion detection system using PCA and kernel PCA methods}},
    year = {2016},
    journal = {Lecture Notes in Electrical Engineering},
    author = {Elkhadir, Zyad and Chougdali, Khalid and Benattou, Mohammed},
    number = {February},
    pages = {489--497},
    volume = {381},
    isbn = {9783319302966},
    doi = {10.1007/978-3-319-30298-0{\_}50},
    issn = {18761119},
    keywords = {Intrusion detection system (IDS), KPCA, Network security, PCA}
}

@article{PeddabachigariIntrusionMachines,
    title = {{Intrusion Detection Systems Using Decision Trees and Support Vector Machines}},
    author = {Peddabachigari, Sandhya and Abraham, Ajith and Thomas, Johnson},
    pages = {1--16}
}

@article{Gibb1959LinearComputations,
    title = {{Linear Computations}},
    year = {1959},
    author = {Gibb, Allan},
    pages = {319--322}
}

@article{Minh2006MercersSmoothing,
    title = {{Mercer’s Theorem, Feature Maps, and Smoothing}},
    year = {2006},
    author = {Minh, Ha Quang and Niyogi, Partha and Yao, Yuan},
    pages = {154--168},
    url = {http://link.springer.com/10.1007/11776420_14},
    isbn = {3-540-35294-5},
    doi = {10.1007/11776420{\_}14},
    issn = {0302-9743},
    arxivId = {physics/0604155}
}

@article{Al-Yaseen2017Multi-levelSystem,
    title = {{Multi-level hybrid support vector machine and extreme learning machine based on modified K-means for intrusion detection system}},
    year = {2017},
    journal = {Expert Systems with Applications},
    author = {Al-Yaseen, Wathiq Laftah and Othman, Zulaiha Ali and Nazri, Mohd Zakree Ahmad},
    pages = {296--303},
    volume = {67},
    publisher = {Elsevier Ltd},
    url = {http://dx.doi.org/10.1016/j.eswa.2016.09.041},
    isbn = {9789812879356},
    doi = {10.1016/j.eswa.2016.09.041},
    issn = {09574174},
    pmid = {16856651},
    arxivId = {1311.4555},
    keywords = {Extreme learning machine, Intrusion detection system, K-means, KDD Cup 1999, Multi-level, Support vector machine}
}

@article{Nishide2007MultipartyProtocol,
    title = {{Multiparty computation for interval, equality, and comparison without bit-decomposition protocol}},
    year = {2007},
    journal = {Proceedings of the 10th International Conference on Practice and Theory in Public-Key Cryptography},
    author = {Nishide, Takashi and Ohta, Kazuo},
    pages = {343--360},
    isbn = {978-3-540-71676-1},
    doi = {10.1007/978-3-540-71677-8{\_}23},
    issn = {0302-9743},
    keywords = {bitwise sharing, multiparty computation, secret sharing}
}

@article{Damgard2012MultipartyEncryption,
    title = {{Multiparty computation from somewhat homomorphic encryption}},
    year = {2012},
    journal = {Lecture Notes in Computer Science (including subseries Lecture Notes in Artificial Intelligence and Lecture Notes in Bioinformatics)},
    author = {Damg{\aa}rd, Ivan and Pastro, Valerio and Smart, Nigel and Zakarias, Sarah},
    pages = {643--662},
    volume = {7417 LNCS},
    url = {http://www.embase.com/search/results?subaction=viewrecord&from=export&id=L71494865},
    isbn = {9783642320088},
    doi = {10.1007/978-3-642-32009-5{\_}38},
    issn = {03029743},
    pmid = {26586086},
    keywords = {Student t test, caregiver, drug therapy, electrolyte, human, insulin, internal medicine, nasogastric tube, night, non implantable urine incontinence electrical stim, nurse, nurse manager, nursing, nursing staff, physician, sleep deprivation, society, staff nurse, total quality management, ventilator}
}

@article{Mukherjee1994NetworkDetection,
    title = {{Network intrusion detection}},
    year = {1994},
    journal = {IEEE Network},
    author = {Mukherjee, B. and Heberlein, L.T. and Levitt, K.N.},
    number = {3},
    pages = {26--41},
    volume = {8},
    url = {http://ieeexplore.ieee.org/document/283931/},
    isbn = {0890-8044},
    doi = {10.1109/65.283931},
    issn = {0890-8044},
    pmid = {1000182772},
    arxivId = {arXiv:1208.5721}
}

@article{No,
    title = {{No Title דוקטורט - גלית אגם}}
}

@phdthesis{Lin1991OnClassifier,
    title = {{On the Design and Analysis of the Privacy-Preserving SVM Classifier}},
    year = {1991},
    booktitle = {IEEE Transactions on Communications},
    author = {Lin, Keng Pei and Chen, Ming Syan},
    number = {12},
    pages = {1802--1812},
    volume = {39},
    school = {Lund University},
    isbn = {9171670432},
    doi = {10.1109/26.120166},
    issn = {00906778}
}

@article{Makri2017PICS:SVM,
    title = {{PICS: Private Image Classification with SVM}},
    year = {2017},
    author = {Makri, Eleftheria and Rotaru, Dragos and Smart, Nigel P and Vercauteren, Frederik},
    url = {https://eprint.iacr.org/2017/1190}
}

@article{Aly2018PracticallyBit-Decomposition,
    title = {{Practically Efficient Secure Distributed Exponentiation without Bit-Decomposition}},
    year = {2018},
    journal = {Financial Cryptography and Data Security},
    author = {Aly, Abdelrahaman and Abidin, Aysajan and Nikova, Svetla},
    pages = {18},
    volume = {22},
    url = {https://limo.libis.be/primo-explore/fulldisplay?docid=LIRIAS1662399&context=L&vid=Lirias&search_scope=Lirias&tab=default_tab&lang=en_US&fromSitemap=1}
}

@article{Ramteke2013PrivacySystem,
    title = {{Privacy Preserving {\&} Access Control to Intrusion Detection in Cloud System}},
    year = {2013},
    author = {Ramteke, Swati P and Karemore, Priya S and Golait, S S},
    number = {1},
    pages = {21--29},
    volume = {1},
    keywords = {access control, attribute based encryption, privacy preserving, storage in clouds}
}

@article{Vaidya2013PrivacyCloud,
    title = {{Privacy Preserving and Intrusion Detection For Securing Data In Cloud}},
    year = {2013},
    author = {Vaidya, Manisha G},
    number = {5},
    pages = {1182--1185},
    volume = {2},
    keywords = {access control, attacks, attribute-based, attribute-based encryption, authentication, cloud, cloud storage, computing, intrusion detection, masque, security, signatures}
}

@article{Narwaria2016PrivacyArt,
    title = {{Privacy preserving data mining - 'A state of the art'}},
    year = {2016},
    journal = {Proceedings of the 10th INDIACom; 2016 3rd International Conference on Computing for Sustainable Global Development, INDIACom 2016},
    author = {Narwaria, M and Arya, S},
    pages = {2108--2112},
    url = {https://www.scopus.com/inward/record.uri?eid=2-s2.0-84997521993&partnerID=40&md5=8cf9ccde44e1af87759c907e6b123eb2},
    isbn = {9789380544199},
    keywords = {Data Mining, Data Perturbation, Privacy Preservation}
}

@article{Qin2018Privacy-PreservingCloud,
    title = {{Privacy-Preserving Image Processing in the Cloud}},
    year = {2018},
    journal = {IEEE Cloud Computing},
    author = {Qin, Zhan and Weng, Jian and Cui, Yong and Ren, Kui},
    number = {April},
    pages = {48--57},
    isbn = {2325-6095},
    doi = {10.1109/MCC.2018.022171667},
    issn = {23256095},
    keywords = {Cloud computing, Encryption, Feature extraction, computing methodologies, image processing and computer vision, operating systems, security and privacy protection, software, software engineering}
}

@article{Zhan2005Privacy-preservingLearning,
    title = {{Privacy-preserving support vector machines learning}},
    year = {2005},
    journal = {Proceedings of the International Conference on Electronic Business (ICEB)},
    author = {Zhan, Justin and Chang, Li Wu and Matwin, Stan},
    pages = {477--482},
    isbn = {9781450300551},
    doi = {10.1145/1835804.1835852},
    issn = {16830040},
    keywords = {Privacy, Secure multi-party computation, Security, Support vector machine}
}

@inproceedings{Ishai1997PrivateApplications,
    title = {{Private simultaneous messages protocols with applications}},
    year = {1997},
    booktitle = {Proceedings of the Fifth Israeli Symposium on Theory of Computing and Systems},
    author = {Ishai, Yuval and Kushilevitz, Eyal},
    number = {2},
    pages = {174--183},
    publisher = {IEEE Comput. Soc},
    url = {http://ieeexplore.ieee.org/document/595170/},
    isbn = {0-8186-8037-7},
    doi = {10.1109/ISTCS.1997.595170}
}

@article{Yao1982ProtocolsComputations,
    title = {{Protocols for secure computations}},
    year = {1982},
    journal = {23rd Annual Symposium on Foundations of Computer Science (sfcs 1982)},
    author = {Yao, Andrew Chi-Chih},
    pages = {160--164},
    url = {http://ieeexplore.ieee.org/document/4568388/},
    isbn = {0272-5428 VO -},
    doi = {10.1109/SFCS.1982.38},
    issn = {0272-5428},
    pmid = {10206109},
    arxivId = {0272-5428/82/0000/0160}
}

@article{Farnaaz2016RandomSystem,
    title = {{Random Forest Modeling for Network Intrusion Detection System}},
    year = {2016},
    journal = {Procedia Computer Science},
    author = {Farnaaz, Nabila and Jabbar, M. A.},
    pages = {213--217},
    volume = {89},
    publisher = {The Author(s)},
    url = {http://dx.doi.org/10.1016/j.procs.2016.06.047},
    doi = {10.1016/j.procs.2016.06.047},
    issn = {18770509},
    pmid = {29511362},
    keywords = {Data Mining, Feature Subsrt Selection, Intrusion Detection, NSL-KDD Data Set, Random Forest}
}

@article{Bogdanov2018Rmind:Analysis,
    title = {{Rmind: A tool for cryptographically secure statistical analysis}},
    year = {2018},
    journal = {IEEE Transactions on Dependable and Secure Computing},
    author = {Bogdanov, Dan and Kamm, Liina and Laur, Sven and Sokk, Ville},
    number = {3},
    pages = {481--495},
    volume = {15},
    doi = {10.1109/TDSC.2016.2587623},
    issn = {15455971},
    keywords = {Privacy-preserving statistical analysis, performance evaluation, secure multi-party computation}
}

@article{Laur2011Round-efficientManipulation,
    title = {{Round-efficient oblivious database manipulation}},
    year = {2011},
    journal = {Lecture Notes in Computer Science (including subseries Lecture Notes in Artificial Intelligence and Lecture Notes in Bioinformatics)},
    author = {Laur, Sven and Willemson, Jan and Zhang, Bingsheng},
    pages = {262--277},
    volume = {7001 LNCS},
    isbn = {9783642248603},
    doi = {10.1007/978-3-642-24861-0{\_}18},
    issn = {03029743},
    keywords = {Secure multi-party computation, oblivious filtering, oblivious transfer, verifiable shuffle}
}

@article{Aly2018SCALEDocumentation,
    title = {{SCALE and MAMBA Documentation}},
    year = {2018},
    author = {Aly, A and Keller, M and Orsini, E and Rotaru, D and Smart, N P and Wood, T},
    pages = {1--101}
}

@article{Jagomagis2010SecreCMining,
    title = {{SecreC : a Privacy-Aware Programming Language with Applications in Data Mining}},
    year = {2010},
    author = {Jagom{\"{a}}gis, Roman},
    number = {May}
}

@article{Veugen2015SecureModel,
    title = {{Secure comparison protocols in the semi-honest model}},
    year = {2015},
    journal = {IEEE Journal on Selected Topics in Signal Processing},
    author = {Veugen, Thijs and Blom, Frank and De Hoogh, Sebastiaan J A and Erkin, Zekeriya},
    number = {7},
    pages = {1217--1228},
    volume = {9},
    isbn = {1932-4553},
    doi = {10.1109/JSTSP.2015.2429117},
    issn = {19324553},
    keywords = {Communication complexity, Computational complexity, Cryptographic protocols, Garbled circuits, Homomorphic encryption, Preprocessing, Runtime, Secret sharing, Secure comparison, Secure multi-party computation}
}

@article{Bendlin2011Semi-homomorphicComputation,
    title = {{Semi-homomorphic encryption and multiparty computation}},
    year = {2011},
    journal = {Lecture Notes in Computer Science (including subseries Lecture Notes in Artificial Intelligence and Lecture Notes in Bioinformatics)},
    author = {Bendlin, Rikke and Damg{\aa}rd, Ivan and Orlandi, Claudio and Zakarias, Sarah},
    pages = {169--188},
    volume = {6632 LNCS},
    isbn = {9783642204647},
    doi = {10.1007/978-3-642-20465-4{\_}11},
    issn = {03029743}
}

@article{Burkhart2010SEPIA:Statistics,
    title = {{SEPIA: Privacy-preserving Aggregation of Multi-domain Network Events and Statistics}},
    year = {2010},
    journal = {Proceedings of the 19th USENIX Conference on Security - Security '10},
    author = {Burkhart, Martin and Strasser, Mario and Many, Dilip and Dimitropoulos, Xenofontas},
    pages = {15},
    url = {https://www.usenix.org/conference/usenixsecurity10/sepia-privacy-preserving-aggregation-multi-domain-network-events-and},
    isbn = {888-7-6666-5555-4},
    keywords = {compiler, cryptography, mpc, sepia}
}

@article{Bogdanov2008Sharemind:Computations,
    title = {{Sharemind: A framework for fast privacy-preserving computations}},
    year = {2008},
    journal = {Lecture Notes in Computer Science (including subseries Lecture Notes in Artificial Intelligence and Lecture Notes in Bioinformatics)},
    author = {Bogdanov, Dan and Laur, Sven and Willemson, Jan},
    pages = {192--206},
    volume = {5283 LNCS},
    isbn = {3540883126},
    doi = {10.1007/978-3-540-88313-5-13},
    issn = {03029743}
}

@article{Bogdanov2013Sharemind:Applications,
    title = {{Sharemind: programmable secure computations with practical applications}},
    year = {2013},
    journal = {PhD Thesis, Institute of Computer Science, Faculty of Mathematics and Computer Science, University of Tartu, Estonia},
    author = {Bogdanov, Dan}
}

@article{Wolpert1992StackedGeneralization,
    title = {{Stacked generalization}},
    year = {1992},
    journal = {Neural Networks},
    author = {Wolpert, David H.},
    number = {2},
    month = {1},
    pages = {241--259},
    volume = {5},
    url = {http://linkinghub.elsevier.com/retrieve/pii/S0893608005800231},
    doi = {10.1007/978-3-319-58424-9},
    issn = {08936080},
    keywords = {--generalization and induction, 1, combining generalizers, cross-vali-, dation, error estimation and correction, func-, i n t r, learning set preprocessing, o d u c, problem of inferring a, t i o n, this paper concerns the}
}

@article{Bhatt2014TheSystems,
    title = {{The Operational Role of Security Information and Event Management Systems}},
    year = {2014},
    journal = {IEEE Security {\&} Privacy},
    author = {Bhatt, Sandeep and Manadhata, Pratyusa K and Zomlot, Loai},
    number = {5},
    month = {9},
    pages = {35--41},
    volume = {12},
    url = {http://ieeexplore.ieee.org/document/6924640/},
    doi = {10.1109/MSP.2014.103},
    issn = {1540-7993}
}

@book{Ogihara2013Theory2011,
    title = {{Theory and applications of models of computation 2011}},
    year = {2013},
    booktitle = {Theoretical Computer Science},
    author = {Ogihara, Mitusnori and Tarui, Jun},
    editor = {Agrawal, Manindra and Du, Dingzhu and Duan, Zhenhua and Li, Angsheng},
    number = {6},
    pages = {1},
    series = {Lecture Notes in Computer Science},
    volume = {505},
    publisher = {Springer Berlin Heidelberg},
    url = {http://link.springer.com/10.1007/978-3-540-79228-4},
    address = {Berlin, Heidelberg},
    isbn = {978-3-642-29951-3},
    doi = {10.1016/j.tcs.2013.09.003},
    issn = {03043975},
    pmid = {25635068},
    arxivId = {arXiv:cond-mat/9912410v1},
    archivePrefix = {arXiv},
    eprint = {9912410v1},
    primaryClass = {cond-mat}
}

@article{Rossi2009UnderstandingSignaling,
    title = {{Understanding Skype signaling}},
    year = {2009},
    journal = {Computer Networks},
    author = {Rossi, Dario and Mellia, Marco and Meo, Michela},
    number = {2},
    pages = {130--140},
    volume = {53},
    publisher = {Elsevier B.V.},
    url = {http://dx.doi.org/10.1016/j.comnet.2008.10.013},
    doi = {10.1016/j.comnet.2008.10.013},
    issn = {13891286},
    keywords = {Internet traffic measurements, Skype}
}

@inproceedings{MingTian2004UsingAttacks,
    title = {{Using statistical analysis and support vector machine classification to detect complicated attacks}},
    year = {2004},
    booktitle = {Proceedings of 2004 International Conference on Machine Learning and Cybernetics (IEEE Cat. No.04EX826)},
    author = {{Ming Tian} and {Song-can Chen} and {Yi Zhuang} and {Jia Liu}},
    number = {August},
    pages = {2747--2752},
    publisher = {IEEE},
    url = {http://ieeexplore.ieee.org/document/1378327/},
    isbn = {0-7803-8403-2},
    doi = {10.1109/ICMLC.2004.1378327},
    keywords = {anomaly detection, statistical analysis, support vector machine, time window}
}

@article{Arthur2006Worst-caseMethod,
    title = {{Worst-case and smoothed analysis of the ICP algorithm, with an application to the k-means method}},
    year = {2006},
    journal = {Proceedings - Annual IEEE Symposium on Foundations of Computer Science, FOCS},
    author = {Arthur, David and Vassilvitskii, Sergei},
    pages = {153--164},
    isbn = {0769527205},
    doi = {10.1088/0029-5515/44/8/009},
    issn = {00295515}
}

@article{Niksefat2014ZIDS:Protocols,
    title = {{ZIDS: A privacy-preserving intrusion detection system using secure two-party computation protocols}},
    year = {2014},
    journal = {Computer Journal},
    author = {Niksefat, Salman and Sadeghiyan, Babak and Mohassel, Payman and Sadeghian, Saeed},
    number = {4},
    pages = {494--509},
    volume = {57},
    url = {http://academic.oup.com/comjnl/article/57/4/494/407921},
    isbn = {0010-4620},
    doi = {10.1093/comjnl/bxt019},
    issn = {14602067},
    pmid = {21738076},
    keywords = {oblivious DFA evaluation, privacy-preserving intrusion detection, secure two-party computation, zero-day signatures}
}

@article{Makri2017EPIC:Masters,
    title = {{{\{}EPIC{\}}: Efficient Private Image Classification (or: Learning from the Masters)}},
    year = {2017},
    author = {Makri, Eleftheria and Rotaru, Dragos and Smart, Nigel P and Vercauteren, Frederik},
    pages = {1--23}
}